@article{LeeC2016,
author = {Lee, Cue Hyunkyu and Cook, Seungho and Lee, Ji Sung and Han, Buhm},
year = {2016},
month = {12},
pages = {173},
title = {Comparison of Two Meta-Analysis Methods: Inverse-Variance-Weighted Average and Weighted Sum of Z-Scores},
volume = {14},
journal = {Genomics \& Informatics},
}

@article{SanchezMeca1998,
author = {Julio Sanchez-Meca and Fulgencio Marín-Martínez},
title ={Weighting by Inverse Variance or by Sample Size in Meta-Analysis: A Simulation Study},
journal = {Educational and Psychological Measurement},
volume = {58},
number = {2},
pages = {211-220},
year = {1998},
}


@article{mapsofworld2020,
title={Germany Weather Map},
author={{Maps of World}, },
year={2020},
url = {https://www.mapsofworld.com/germany/thematic-maps/germany-temperature-map.html},
}


@article{ECAD2020,
title={The European Climate Assessment \& Dataset },
author={{ECAD}, },
year={2020},
url = {https://www.ecad.eu/},
}


@article{EEA2020,
title={The European Environment Agency: Air Quality e-Reporting},
author={{EEA}, },
year={2020},
url = {https://www.eea.europa.eu/},
}


@article{DIVAGIS2020,
title={DIVA-GIS: Free Spatial Data},
author={{DIVA-GIS}, },
year={2020},
url = {https://www.diva-gis.org/gdata},
}


@article{Citypopulation2019,
title={GERMANY: Administrative Division: States and Counties},
author={{Citypopulation}, },
year={2019},
url = {https://www.citypopulation.de/en/germany/admin/},
}



@article{BKG2020,
title={Federal Agency for Cartoraphy and Geodesy: Digitale Geodaten},
author={{BKG}, },
year={2020},
url = {https://gdz.bkg.bund.de/index.php/default/digitale-geodaten.html},
}

@BOOK{Lawson2008,
    author = {Andrew B. Lawson},
    title = "{Bayesian Disease Mapping: Hierarchical Modeling in Spatial Epidemiology (1st ed)}",
    PUBLISHER = {Chapman and Hall/CRC Press},
    year = {2008},
}

@BOOK{Banerjee2004,
    author = {Sudipto Banerjee and Bradley P. Carlin and Alan E. Gelfand},
    title = "{Hierarchical Modeling and Analysis of Spatial Data (1st ed)}",
    PUBLISHER = {Chapman and Hall/CRC Press},
    year = {2004},
}

@BOOK{Elliott2000,
    author = {P Elliott and J Wakefield and N Best and D Briggs},
    title = "{Spatial Epidemiology: Methods and Applications (1st ed)}",
    PUBLISHER = {Oxford University Press},
    year = {2000},
}


@article{Watanabe2010,
author = {Watanabe, Sumio},
title = {Asymptotic Equivalence of Bayes Cross Validation and Widely Applicable Information Criterion in Singular Learning Theory},
year = {2010},
publisher = {JMLR.org},
volume = {11},
journal = {J. Mach. Learn. Res.},
pages = {3571–3594},
numpages = {24}
}


@BOOK{Rue2005,
AUTHOR ={Rue, H. and Held, L.},
TITLE = {Gaussian Markov Random Fields: Theory and Applications},
PUBLISHER = {New York: Chapman and Hall/CRC},
YEAR = {2005}
}

@article{HeadsorTails2020,
Title = {COVID-19 Tracking Germany, version 156},
Author={{Heads or Tails}, },
Year={2020},
URL={https://www.kaggle.com/headsortails/covid19-tracking-germany/version/156}
}


@article{Gryparis2009,
Title = {Measurement error caused by spatial misalignment in environmental epidemiology},
Author={Gryparis, A and Paciorek, CJ and Zeka, A and Schwartz, J and Coull, BA},
	Journal = {Biostatistics},
	Year={2009},
	Pages={258-274},
	Number = {2},
	Volume = {10},
}


@article{Lee2017,
	Title = {A rigorous statistical framework for spatio-temporal pollution prediction and estimation of its long-term impact on health},
	Author = {Lee, Duncan and Mukhopadhyay, Sabyasachi and Rushworth, Alastair and Sahu, Sujit K},
	Number = {2},
	Volume = {18},
	Month = {April},
	Year = {2017},
	Journal = {Biostatistics},
	Pages = {370—385},
}


@article{Verhoef1998,
title = "Constructing and fitting models for cokriging and multivariable spatial prediction",
journal = "Journal of Statistical Planning and Inference",
volume = "69",
number = "2",
pages = "275 - 294",
year = "1998",
issn = "0378-3758",
author = "Jay M. [Ver Hoef] and Ronald Paul Barry",
}

@article{Lee2020,
author = {Duncan Lee and Chris Robertson and Colin Ramsay and Kate Pyper},
title = {Quantifying the impact of the modifiable areal unit problem when estimating the health effects of air pollution},
journal = {Environmetrics},
volume = {},
number = {},
pages = {},
doi = {},
year = {2020}
}

@inbook{Akaike1973,
  address = {New York, NY},
  author = {Akaike, Hirotogu},
  booktitle = {Selected Papers of Hirotugu Akaike},
  interhash = {2782e1db136f4c3bf43d25c7a6fa90ca},
  intrahash = {7a0be27d77d022668d19a554218ddb23},
  keywords = {aic akaike comparison criterion diss information inthesis model selection},
  pages = {199--213},
  publisher = {Springer New York},
  title = {Information Theory and an Extension of the Maximum Likelihood Principle},
  year = 1973
}




@article {Das2008,
	Title = {Nickel, its adverse health effects \& oxidative stress},
	Author = {Das, KK and Das, SN and Dhundasi, SA},
	Number = {4},
	Volume = {128},
	Month = {October},
	Year = {2008},
	Journal = {The Indian journal of medical research},
	Pages = {412—425}
}

@article{Jarup1998,
 author = {Lars Järup and Marika Berglund and Carl Gustaf Elinder and Gunnar Nordberg and Marie Vanter},
 journal = {Scandinavian Journal of Work, Environment \& Health},
 pages = {1--51},
 title = {Health effects of cadmium exposure – a review of the literature and a risk estimate},
 volume = {24},
 year = {1998}
}


@article{Smith2010,
author = {Smith, Martyn T.},
title = {Advances in Understanding Benzene Health Effects and Susceptibility},
journal = {Annual Review of Public Health},
volume = {31},
number = {1},
pages = {133-148},
year = {2010}

}

@article{Yu2002,
author = {Yu, Winston H. and Harvey, Charles M. and Harvey, Charles F.},
title = {Arsenic in groundwater in Bangladesh: A geostatistical and epidemiological framework for evaluating health effects and potential remedies},
journal = {Water Resources Research},
volume = {39},
number = {6},
pages = {},
year = {2003}
}


@article{Wakefield2001,
 author = {Jonathan Wakefield and Ruth Salway},
 journal = {Journal of the Royal Statistical Society. Series A (Statistics in Society)},
 number = {1},
 pages = {119--137},
 publisher = {[Wiley, Royal Statistical Society]},
 title = {A Statistical Framework for Ecological and Aggregate Studies},
 volume = {164},
 year = {2001}
}

@article{Schikowski2005,
  title={Long-term air pollution exposure and living close to busy roads are associated with COPD in women},
  author={Tamara Schikowski and Dorothea Sugiri and Ulrich Ranft and Ulrike Gehring and Joachim Heinrich and H.-Erich Wichmann and Ursula Kraemer},
  journal={Respiratory Research},
  year={2005},
  volume={6},
  pages={152 - 152}
}
@article {Bowatte2017,
	author = {Bowatte, Gayan and Erbas, Bircan and Lodge, Caroline J. and Knibbs, Luke D. and Gurrin, Lyle C. and Marks, Guy B. and Thomas, Paul S. and Johns, David P. and Giles, Graham G. and Hui, Jennie and Dennekamp, Martine and Perret, Jennifer L. and Abramson, Michael J. and Walters, E. Haydn and Matheson, Melanie C. and Dharmage, Shyamali C.},
	title = {Traffic-related air pollution exposure over a 5-year period is associated with increased risk of asthma and poor lung function in middle age},
	volume = {50},
	number = {4},
	year = {2017},
	publisher = {European Respiratory Society},
	journal = {European Respiratory Journal}
}

@article{Ogen2020,
title = "Assessing nitrogen dioxide (NO2) levels as a contributing factor to coronavirus (COVID-19) fatality",
journal = "Science of The Total Environment",
volume = "726",
pages = "138605",
year = "2020",
issn = "0048-9697",
author = "Yaron Ogen",
}

@article{Williams2020,
title = "Spatio-Temporal Methods in Environmental Epidemiology",
author = "Michelle A. Williams and Bizu Gelaye and Emily M. Broad Leib",
year = "2020",
month = "4",
day = "6",
publisher = "The Washington Post",
}


@article{Shaddick2015,
title = "Spatio-Temporal Methods in Environmental Epidemiology",
author = "Gavin Shaddick and Zidek, {James V}",
year = "2015",
day = "24",
language = "English",
series = "CRC Texts in Statistical Science",
publisher = "Chapman & Hall",
address = "UK United Kingdom",
}

@article{Kim2018,
title = "Comparison of Indicators for Identification of Least Developed Countries and for Measuring Progress Towards the Sustainable Development Goals ",
journal = "United Nations CDP Committee for Development Policy",
year = "2018",
author = "Namsuk Kim"
}

@Manual{Ponce2020,
    title = {covid19.analytics: Load and Analyze Live Data from the CoViD-19 Pandemic},
    author = {Marcelo Ponce},
    year = {2020},
    note = {R package version 1.1},
    url = {https://CRAN.R-project.org/package=covid19.analytics},
  }

@article{Lau2020,
title = "Internationally lost COVID-19 cases",
journal = "Journal of Microbiology, Immunology and Infection",
year = "2020",
issn = "1684-1182",
doi = "https://doi.org/10.1016/j.jmii.2020.03.013",
url = "http://www.sciencedirect.com/science/article/pii/S1684118220300736",
author = "Hien Lau and Veria Khosrawipour and Piotr Kocbach and Agata Mikolajczyk and Hirohito Ichii and Justyna Schubert and Jacek Bania and Tanja Khosrawipour"
}

@article {Hossain2020,
	author = {Hossain, Mohammad Alamgir},
	title = {Is the spread of COVID-19 across countries influenced by environmental, economic and social factors?},
	year = {2020},
	doi = {10.1101/2020.04.08.20058164},
	publisher = {Cold Spring Harbor Laboratory Press},
	URL = {https://www.medrxiv.org/content/early/2020/04/23/2020.04.08.20058164},
	journal = {medRxiv}
}

@article{Blangiardo2013,
title = "Spatial and spatio-temporal models with R-INLA",
journal = "Spatial and Spatio-temporal Epidemiology",
volume = "4",
pages = "33 - 49",
year = "2013",
issn = "1877-5845",
doi = "https://doi.org/10.1016/j.sste.2012.12.001",
author = "Marta Blangiardo and Michela Cameletti and Gianluca Baio and Håvard Rue",
}

@article{Rue2009,
author = {Rue, Håvard and Martino, Sara and Chopin, Nicolas},
title = {Approximate Bayesian inference for latent Gaussian models by using integrated nested Laplace approximations},
journal = {Journal of the Royal Statistical Society: Series B (Statistical Methodology)},
volume = {71},
number = {2},
pages = {319-392},
doi = {10.1111/j.1467-9868.2008.00700.x},
year = {2009}
}


@article{Mackenbach1997,
title = "Socioeconomic inequalities in morbidity and mortality in western Europe",
journal = "The Lancet",
volume = "349",
number = "9066",
pages = "1655 - 1659",
year = "1997",
issn = "0140-6736",
doi = "https://doi.org/10.1016/S0140-6736(96)07226-1",
author = "Johan P Mackenbach and Anton E Kunst and Adriënne EJM Cavelaars and Feikje Groenhof and José JM Geurts"
}

@article {Berry2020,
	author = {Berry, I and Soucy, J-PR and Tuite, A and Fisman, D},
	title = {Open access epidemiologic data and an interactive dashboard to monitor the COVID-19 outbreak in Canada},
	year = {2020},
	doi = {https://doi.org/10.1503/cmaj.75262},
	journal = {CMAJ}
}


@article{Lucas2020,
author = {Lucas, Jack},
publisher = {Scholars Portal Dataverse},
title = "{COVID-19 Canada Health Regions Shapefile}",
UNF = {UNF:6:ffnf9ZeF6SjM1JByKLFvWw==},
year = {2020},
version = {V3},
doi = {10.5683/SP2/EIHG8O},
url = {https://doi.org/10.5683/SP2/EIHG8O}
}

@article {Wu2020,
	author = {Wu, Xiao and Nethery, Rachel C. and Sabath, Benjamin M. and Braun, Danielle and Dominici, Francesca},
	title = {Exposure to air pollution and COVID-19 mortality in the United States},
	elocation-id = {2020.04.05.20054502},
	year = {2020},
	doi = {10.1101/2020.04.05.20054502},
	publisher = {Cold Spring Harbor Laboratory Press},
        URL={https://www.medrxiv.org/content/10.1101/2020.04.05.20054502v2},
	journal = {medRxiv}
}


@article {Yang2020,
	author = {Yang, J and Zheng, Y and Gou, X and Pu, K and Chen, Z and Guo, Q and Ji, R and Wang, H and Wang, Y and Zhou, Y},
	title = {Prevalence of comorbidities in the novel Wuhan coronavirus (COVID-19) infection: a systematic review and meta-analysis},
	year = {2020},
        volume = {94},
	pages = {91-95},
	journal = {International Journal of Infectious Diseases}
}

@article {Hu2020,
	author = {Hu, Ling and Chen, Shaoqiu and Fu, Yuanyuan and Gao, Zitong and Long, Hui and Ren, Hong-wei and Zuo, Yi and Li, Huan and Wang, Jie and Xv, Qing-bang and Yu, Wen-xiong and Liu, Jia and Shao, Chen and Hao, Jun-jie and Wang, Chuan-zhen and Ma, Yao and Wang, Zhanwei and Yanagihara, Richard and Wang, Jian-ming and Deng, Youping},
	title = {Risk Factors Associated with Clinical Outcomes in 323 COVID-19 Patients in Wuhan, China},
	elocation-id = {2020.03.25.20037721},
	year = {2020},
	doi = {10.1101/2020.03.25.20037721},
	publisher = {Cold Spring Harbor Laboratory Press},
        URL={https://www.medrxiv.org/content/10.1101/2020.03.25.20037721v2},
	journal = {medRxiv}
}

@article{Napier2018,
	author = {Napier, Gary and Lee, Duncan and Robertson, Chris and Lawson, Andrew},
	title = "{A Bayesian spaceâtime model for clustering areal units based on their disease trends}",
	journal = {Biostatistics},
	year = {2018},
	month = {06},
	doi = {10.1093/biostatistics/kxy024}
}


@article{Lee2016,
	author = {Anderson, Craig and Lee, Duncan and Dean, Nema},
	title = {Spatial clustering of average risks and risk trends in Bayesian disease mapping},
	journal = {Biometrical Journal},
	volume = {59},
	number = {1},
	pages = {41-56},
	doi = {10.1002/bimj.201600018},
	year = {2017}
}

@article{Zhu2003,
author = {Zhu, Li and Carlin, Bradley P. and Gelfand, Alan E.},
title = {Hierarchical regression with misaligned spatial data: relating ambient ozone and pediatric asthma ER visits in Atlanta},
journal = {Environmetrics},
volume = {14},
number = {5},
pages = {537-557},
doi = {10.1002/env.614},
year = {2003}
}

@article{Lee2010,
author = {Lee, Duncan and Shaddick, Gavin},
title = {Spatial Modeling of Air Pollution in Studies of Its Short-Term Health Effects},
journal = {Biometrics},
volume = {66},
number = {4},
pages = {1238-1246},
keywords = {Air pollution and health, Bayesian space–time modeling, Change of support problem},
doi = {10.1111/j.1541-0420.2009.01376.x},
year = {2010}
}


@article{Lee2018b,
author = "Lee, Duncan",
doi = "10.1214/18-AOAS1167",
fjournal = "The Annals of Applied Statistics",
journal = "Ann. Appl. Stat.",
month = "12",
number = "4",
pages = "2540--2558",
publisher = "The Institute of Mathematical Statistics",
title = "A locally adaptive process-convolution model for estimating the health impact of air pollution",
volume = "12",
year = "2018"
}


@article{Molitor2006,
    author = {Molitor, John and Molitor, Nuoo-Ting and Jerrett, Michael and McConnell, Rob and Gauderman, Jim and Berhane, Kiros and Thomas, Duncan},
    title = "{Bayesian Modeling of Air Pollution Health Effects with Missing Exposure Data}",
    journal = {American Journal of Epidemiology},
    volume = {164},
    number = {1},
    pages = {69-76},
    year = {2006},
    month = {04},
    doi = {10.1093/aje/kwj150}
}


@Article{Beyea2013,
author="Beyea, Jan
and Stellman, Steven D.
and Teitelbaum, Susan
and Mordukhovich, Irina
and Gammon, Marilie D.",
title="Imputation method for lifetime exposure assessment in air pollution epidemiologic studies",
journal="Environmental Health",
year="2013",
month="Aug",
day="07",
volume="12",
number="1",
pages="62",
issn="1476-069X",
doi="10.1186/1476-069X-12-62",
}


@article{Noor2008,
author = {Mohamed Noor, Norazian and Yahaya, Ahmad Shukri and Abdullah, Mohd Mustafa Al Bakri},
year = {2008},
month = {09},
pages = {},
title = {Estimation of missing values in air pollution data using single imputation techniques},
volume = {34},
doi = {10.2306/scienceasia1513-1874.2008.34.341}
}

@article{McLachlan1997,
  title={The EM Algorithm and Extensions},
  author={G.J. McLachlan and T. Krishnan},
PUBLISHER = {John Wiley and Sons},
YEAR = {1997}
}


@article{Little1989,
author = {Roderick J. A. Little and Donald B. Rubin},
title ={The Analysis of Social Science Data with Missing Values},
journal = {Sociological Methods \& Research},
volume = {18},
number = {2-3},
pages = {292-326},
year = {1989},
doi = {10.1177/0049124189018002004}

}


@article{Junger2015,
title = "Imputation of missing data in time series for air pollutants",
journal = "Atmospheric Environment",
volume = "102",
pages = "96 - 104",
year = "2015",
issn = "1352-2310",
doi = "https://doi.org/10.1016/j.atmosenv.2014.11.049",
author = "W.L. Junger and A. Ponce de Leon",
}


@article{Blangiardo2010,
author = {Marta Blangiardo and Sylvia Richardson and John Gulliver and Anna Hansell},
title ={A Bayesian analysis of the impact of air pollution episodes on cardio-respiratory hospital admissions in the Greater London area},
journal = {Statistical Methods in Medical Research},
volume = {20},
number = {1},
pages = {69-80},
year = {2011},
doi = {10.1177/0962280210372571}
}



@article {Anderson1996,
	author = {Anderson, H Ross and de Leon, Antonio Ponce and Bland, J Martin and Bower, Jonathan S and Strachan, David P},
	title = {Air pollution and daily mortality in London: 1987-92},
	volume = {312},
	number = {7032},
	pages = {665--669},
	year = {1996},
	doi = {10.1136/bmj.312.7032.665},
	publisher = {BMJ Publishing Group Ltd},
	issn = {0959-8138},
	journal = {BMJ}
}

@article{Huang2015,
title = "An integrated Bayesian model for estimating the long-term health effects of air pollution by fusing modelled and measured pollution data: A case study of nitrogen dioxide concentrations in Scotland",
journal = "Spatial and Spatio-temporal Epidemiology",
volume = "14-15",
pages = "63 - 74",
year = "2015",
author = "Guowen Huang and Duncan Lee and Marian Scott"
}


@article{Di2017b,
author = {Di, Qian and Wang, Yan and Zanobetti, Antonella and Wang, Yun and Koutrakis, Petros and Choirat, Christine and Dominici, Francesca and Schwartz, Joel D.},
title = {Air Pollution and Mortality in the Medicare Population},
journal = {New England Journal of Medicine},
volume = {376},
number = {26},
pages = {2513-2522},
year = {2017}
}

@article{Blangiardo2016,
title = "Two-stage Bayesian model to evaluate the effect of air pollution on chronic respiratory diseases using drug prescriptions",
journal = "Spatial and Spatio-temporal Epidemiology",
volume = "18",
pages = "1 - 12",
year = "2016",
note = "Environmental Exposure and Health",
issn = "1877-5845",
author = "Marta Blangiardo and Francesco Finazzi and Michela Cameletti"
}

@article{Besag1975,
  title={Statistical analysis of non-lattice data},
  author={Besag, Julian},
  journal={Journal of the Royal Statistical Society: Series D (The Statistician)},
  volume={24},
  number={3},
  pages={179--195},
  year={1975},
  publisher={Wiley Online Library}
}
@article{Di2017,
    author = {Di, Qian and Dai, Lingzhen and Wang, Yun and Zanobetti, Antonella and Choirat, Christine and Schwartz, Joel D. and Dominici, Francesca},
    title = "{Association of Short-term Exposure to Air Pollution With Mortality in Older Adults}",
    journal = {JAMA},
    volume = {318},
    number = {24},
    pages = {2446-2456},
    year = {2017},
    month = {12},
    issn = {0098-7484},
    doi = {10.1001/jama.2017.17923},
    url = {https://doi.org/10.1001/jama.2017.17923}
}
@article{Lewandowski2009,
title = "Generating random correlation matrices based on vines and extended onion method",
journal = "Journal of Multivariate Analysis",
volume = "100",
number = "9",
pages = "1989 - 2001",
year = "2009",
issn = "0047-259X",
doi = "https://doi.org/10.1016/j.jmva.2009.04.008",
url = "http://www.sciencedirect.com/science/article/pii/S0047259X09000876",
author = "Daniel Lewandowski and Dorota Kurowicka and Harry Joe"
}

@article{Yu2000,
author = {O Yu  and L Sheppard  and T Lumley  and J Q Koenig  and G G Shapiro },
title = {Effects of ambient air pollution on symptoms of asthma in Seattle-area children enrolled in the CAMP study.},
journal = {Environmental Health Perspectives},
volume = {108},
number = {12},
pages = {1209-1214},
year = {2000}
}

@article{Powell2014,
author = {Powell, Helen and Lee, Duncan},
title = {Modelling spatial variability in concentrations of single pollutants and composite air quality indicators in health effects studies},
journal = {Journal of the Royal Statistical Society: Series A (Statistics in Society)},
volume = {177},
number = {3},
pages = {607-623},
keywords = {Air quality indicator, Bayesian geostatistics, Health effects, Uncertainty propagation},
year = {2014}
}
@Article{Arif2007,
author="Arif, Ahmed A. and Shah, Syed M.",
title="Association between personal exposure to volatile organic compounds and asthma among US adult population",
journal="International Archives of Occupational and Environmental Health",
year="2007",
month="Aug",
day="01",
volume="80",
number="8",
pages="711--719"
}
@article{Bobb2014,
    author = {Bobb, Jennifer F. and Valeri, Linda and Claus Henn, Birgit and Christiani, David C. and Wright, Robert O. and Mazumdar, Maitreyi and Godleski, John J. and Coull, Brent A.},
    title = "{Bayesian kernel machine regression for estimating the health effects of multi-pollutant mixtures}",
    journal = {Biostatistics},
    volume = {16},
    number = {3},
    pages = {493-508},
    year = {2014},
    month = {12}
}
@article{Coker2016,
title = "Multi-pollutant exposure profiles associated with term low birth weight in Los Angeles County",
journal = "Environment International",
volume = "91",
pages = "1 - 13",
year = "2016",
author = "Eric Coker and Silvia Liverani and Jo Kay Ghosh and Michael Jerrett and Bernardo Beckerman and Arthur Li and Beate Ritz and John Molitor",
}


@article{Shin2012,
author = {Shin, Hwashin Hyun and Stieb, Dave and Burnett, Rick and Takahara, Glen and Jessiman, Barry},
title = {Tracking National and Regional Spatial-Temporal Mortality Risk Associated with NO2 Concentrations in Canada: A Bayesian Hierarchical Two-Level Model},
journal = {Risk Analysis},
volume = {32},
number = {3},
pages = {513-530},

year = {2012}
}

@article{Krall2013,
author = {Jenna R. Krall  and G. Brooke Anderson  and Francesca Dominici  and Michelle L. Bell  and Roger D. Peng },
title = {Short-term Exposure to Particulate Matter Constituents and Mortality in a National Study of U.S. Urban Communities},
journal = {Environmental Health Perspectives},
volume = {121},
number = {10},
pages = {1148-1153},
year = {2013},
}

@article{Zanobetti2009,
author = {Antonella Zanobetti  and Joel Schwartz },
title = {The Effect of Fine and Coarse Particulate Air Pollution on Mortality: A National Analysis},
journal = {Environmental Health Perspectives},
volume = {117},
number = {6},
pages = {898-903},
year = {2009},
}

@article{Liu2019,
author = {Liu, Yuewei and Pan, Jingju and Zhang, Hai and Shi, Chunxiang and Li, Guo and Peng, Zhe and Ma, Jixuan and Zhou, Yun and Zhang, Lan},
title = {Short-Term Exposure to Ambient Air Pollution and Asthma Mortality},
journal = {American Journal of Respiratory and Critical Care Medicine},
volume = {0},
number = {ja},
pages = {null},
year = {0},
}



@article{WHO2016,
author = {WHO},
title = {Ambient air pollution: a global assessment of exposure and burden of disease},
journal = {World Health Organization},
year = {2016},
 url = {http://www.who.int/iris/handle/10665/250141}

}

@article{Wing2017,
title = "Short-term exposures to ambient air pollution and risk of recurrent ischemic stroke",
journal = "Environmental Research",
volume = "152",
pages = "304 - 307",
year = "2017",
issn = "0013-9351",
doi = "https://doi.org/10.1016/j.envres.2016.11.001",
url = "http://www.sciencedirect.com/science/article/pii/S0013935116309318",
author = "Jeffrey J. Wing and Sara D. Adar and Brisa N. Sánchez and Lewis B. Morgenstern and Melinda A. Smith and Lynda D. Lisabeth"
}


@article{Besag1975,
  title={Statistical analysis of non-lattice data},
  author={Besag, Julian},
  journal={Journal of the Royal Statistical Society: Series D (The Statistician)},
  volume={24},
  number={3},
  pages={179--195},
  year={1975},
  publisher={Wiley Online Library}
}
@article{Di2017,
    author = {Di, Qian and Dai, Lingzhen and Wang, Yun and Zanobetti, Antonella and Choirat, Christine and Schwartz, Joel D. and Dominici, Francesca},
    title = "{Association of Short-term Exposure to Air Pollution With Mortality in Older Adults}",
    journal = {JAMA},
    volume = {318},
    number = {24},
    pages = {2446-2456},
    year = {2017},
    month = {12},
    issn = {0098-7484},
    doi = {10.1001/jama.2017.17923},
    url = {https://doi.org/10.1001/jama.2017.17923}
}
@article{Lewandowski2009,
title = "Generating random correlation matrices based on vines and extended onion method",
journal = "Journal of Multivariate Analysis",
volume = "100",
number = "9",
pages = "1989 - 2001",
year = "2009",
issn = "0047-259X",
doi = "https://doi.org/10.1016/j.jmva.2009.04.008",
url = "http://www.sciencedirect.com/science/article/pii/S0047259X09000876",
author = "Daniel Lewandowski and Dorota Kurowicka and Harry Joe"
}


@article{Rushworth2014,
title = "A spatio-temporal model for estimating the long-term effects of air pollution on respiratory hospital admissions in {G}reater {L}ondon ",
journal = "Spatial and Spatio-temporal Epidemiology ",
volume = "10",
pages = "29 - 38",
year = "2014",
author = "Alastair Rushworth and Duncan Lee and Richard Mitchell",
}


@article{Lawson2012,
year={2012},
journal={Journal of Agricultural, Biological, and Environmental Statistics},
volume={17},
number={3},
title={Bayesian 2-{S}tage {S}pace-{T}ime {M}ixture {M}odeling {W}ith {S}patial {M}isalignment of the {E}xposure in {S}mall {A}rea {H}ealth {D}ata},
author={Lawson, AndrewB. and Choi, Jungsoon and Cai, Bo and Hossain, Monir and Kirby, RussellS. and Liu, Jihong},
pages={417 - 441},
}

@article{Pannullo2016,
title = "How robust are the estimated effects of air pollution on health? Accounting for model uncertainty using Bayesian model averaging",
journal = "Spatial and Spatio-temporal Epidemiology",
volume = "18",
pages = "53 - 62",
year = "2016",
note = "Environmental Exposure and Health",
issn = "1877-5845",
author = "Francesca Pannullo and Duncan Lee and Eugene Waclawski and Alastair H. Leyland",
}
  
@article{Huang2018,
author = {Huang, Guowen and Lee, Duncan and Scott, E. Marian},
title = {Multivariate space-time modelling of multiple air pollutants and their health effects accounting for exposure uncertainty},
journal = {Statistics in Medicine},
volume = {37},
number = {7},
pages = {1134-1148},
year = {2018}
}


@BOOK{Diggle2007,
AUTHOR ={Diggle, P. and Ribeiro, P.},
TITLE = {Model-based {G}eostatistics},
PUBLISHER = {Springer Series in Statistics, Springer},
YEAR = {2007}
}


@book{Carroll2006,
  title={Measurement {E}rror in {N}onlinear {M}odels: {A} {M}odern {P}erspective, {S}econd {E}dition},
  author={Carroll, R.J. and Ruppert, D. and Stefanski, L.A. and Crainiceanu, C.M.},
  series={Chapman \& Hall/CRC Monographs on Statistics \& Applied Probability},
  year={2006},
  publisher={CRC Press}
}

@article{Gehlke1934,
author = { C. E.   Gehlke  and  Katherine   Biehl },
title = {Certain Effects of Grouping upon the Size of the Correlation Coefficient in Census Tract Material},
journal = {Journal of the American Statistical Association},
volume = {29},
number = {185A},
pages = {169-170},
year  = {1934},
publisher = {Taylor & Francis}

}

@inproceedings{Openshaw1979,
  title={A million or so correlation coefficients: three experiments on the modifiable areal unit problem},
  author={Stan Openshaw and Paul Taylor},
  year={1979}
}

@book{Openshaw1984,
  title={The Modifiable Areal Unit Problem},
  author={Openshaw, S.},
  series={Norwich},
  year={1984},
  publisher={Geo Books}
}

@book{Arbia1988,
  title={Spatial Data Configuration in Statistical Analysis of Regional Economic and Related Problems},
  author={Giuseppe Arbia},
  year={1988},
  publisher={Springer}
}




########

#####


@article{Yu2000,
author = {O Yu  and L Sheppard  and T Lumley  and J Q Koenig  and G G Shapiro},
title = {Effects of ambient air pollution on symptoms of asthma in Seattle-area children enrolled in the CAMP study.},
journal = {Environmental Health Perspectives},
volume = {108},
number = {12},
pages = {1209-1214},
year = {2000}
}

@article{Powell2014,
author = {Powell, Helen and Lee, Duncan},
title = {Modelling spatial variability in concentrations of single pollutants and composite air quality indicators in health effects studies},
journal = {Journal of the Royal Statistical Society: Series A (Statistics in Society)},
volume = {177},
number = {3},
pages = {607-623},
keywords = {Air quality indicator, Bayesian geostatistics, Health effects, Uncertainty propagation},
year = {2014}
}
@Article{Arif2007,
author="Arif, Ahmed A. and Shah, Syed M.",
title="Association between personal exposure to volatile organic compounds and asthma among US adult population",
journal="International Archives of Occupational and Environmental Health",
year="2007",
month="Aug",
day="01",
volume="80",
number="8",
pages="711--719"
}
@article{Bobb2014,
    author = {Bobb, Jennifer F. and Valeri, Linda and Claus Henn, Birgit and Christiani, David C. and Wright, Robert O. and Mazumdar, Maitreyi and Godleski, John J. and Coull, Brent A.},
    title = "{Bayesian kernel machine regression for estimating the health effects of multi-pollutant mixtures}",
    journal = {Biostatistics},
    volume = {16},
    number = {3},
    pages = {493-508},
    year = {2014},
    month = {12}
}
@article{Coker2016,
title = "Multi-pollutant exposure profiles associated with term low birth weight in Los Angeles County",
journal = "Environment International",
volume = "91",
pages = "1 - 13",
year = "2016",
author = "Eric Coker and Silvia Liverani and Jo Kay Ghosh and Michael Jerrett and Bernardo Beckerman and Arthur Li and Beate Ritz and John Molitor",
}


@article{Shin2012,
author = {Shin, Hwashin Hyun and Stieb, Dave and Burnett, Rick and Takahara, Glen and Jessiman, Barry},
title = {Tracking National and Regional Spatial-Temporal Mortality Risk Associated with NO2 Concentrations in Canada: A Bayesian Hierarchical Two-Level Model},
journal = {Risk Analysis},
volume = {32},
number = {3},
pages = {513-530},

year = {2012}
}

@article{WHO2016,
author = {WHO},
title = {Ambient air pollution: a global assessment of exposure and burden of disease},
journal = {http://www.who.int/iris/handle/10665/250141},
year = {2016}
}


@BOOK{Allison2009,
  AUTHOR = "Allison, Paul D.",
  TITLE =   "The {SAGE} {H}andbook of {Q}uantitative {M}ethods in {P}sychology",
  CHAPTER ="MISSING DATA",
  PUBLISHER = "Sage Publications Inc",
  YEAR =         "2009",
    pages =        "72 - 89"
}


@BOOK{Cressie1993,
  AUTHOR =       "Cressie, N",
  TITLE =        "{S}tatistics for {S}patial {D}ata",
  PUBLISHER =    "New York: Wiley",
  YEAR =         "1993",
  edition =      "revised"
}


@BOOK{COMEAP2010,
  AUTHOR =       " {Committee on the Medical Effects of Air Pollutants}",
  TITLE =        "The {M}ortality {E}ffects of {L}ong-{T}erm {E}xposure to {P}articulate {A}ir {P}ollution in the {U}nited {K}ingdom",
  PUBLISHER =    "Crown",
  YEAR =         "2010"
}





@article{Dominici2000,
author = {Dominici, Francesca and Zeger, Scott L. and Samet, Jonathan M.},
title = {A measurement error model for time-series studies of air pollution and mortality},
volume = {1},
number = {2},
pages = {157-175},
year = {2000},
journal = {Biostatistics}
}

@BOOK{HSE2014,
title = "Ozone: {H}ealth hazards and control measures {EH}38 ({T}hird edition) ",
publisher = { Crown},
year = "2014",
author = "{H}ealth and {S}afety {E}xecutive"
}

@Book{ Journel1978,
title = { Mining geostatistics },
author = { Journel, A. G and Huijbregts, C. J. (Charles J.) },
publisher = { New York : The Blackburn Press },
year = { 2003 },
}


@INBOOK{Leroux1999,
  AUTHOR =       {Leroux, B and Lei, X and Breslow, N},
  TITLE =        {Estimation of disease rates in small areas: {A} new mixed model for spatial dependence},
  CHAPTER = {Statistical {M}odels in {E}pidemiology, the {E}nvironment and {C}linical {T}rials, Halloran, M and Berry, D (eds)},
  pages =        {135-178},
  PUBLISHER =    {Springer-Verlag, {N}ew {Y}ork},
  YEAR =         {1999},
}

@BOOK{Matern1960,
  AUTHOR =       "Mat\'ern, Bertil ",
  TITLE =        "Spatial {V}ariation",
  PUBLISHER =    "Springer-Verlag New York",
  YEAR =         "1960"
}

@BOOK{Meyn1993,
  AUTHOR =       "Meyn, S.P. and Tweedie, R.L.",
  TITLE =        "Markov {C}hains and {S}tochastic {S}tability",
  PUBLISHER =    "Springer-Verlag",
  YEAR =         "1993",
}


@BOOK{Ryan1997,
  AUTHOR =       "Ryan, Thomas P.",
  TITLE =        "Modern regression methods",
  PUBLISHER =    "John Wiley \& Sons",
  YEAR =         "1997",
}

@BOOK{Scottish2000,
AUTHOR = {The Scottish Government},
TITLE = {Scottish {G}overnment {U}rban/{R}ural {C}lassification 2009 - 2010},
PUBLISHER = {Scottish Government},
YEAR = {2010},
}
@INBOOK{Stern1999,
  AUTHOR =       {Stern, Hal S. and Cressie, Noel},
  TITLE =        {Inference for extremes in disease mapping},
  CHAPTER = {{D}isease {M}apping and {R}isk {A}ssessment for {P}ublic {H}ealth.{L}awson,{A} and {B}iggeri,{D} and {B}oehning,{E} and {L}esaffre,{E} and {V}iel,{J} and {B}ertollini,{R}(eds)},
  PUBLISHER =    {Willey},
  YEAR =         {1999},
}


@BOOK{Tan2010,
AUTHOR = {Tan, Ming T.  and Tian,  Guo-Liang  and  Ng, Kai Wang },
TITLE = { Bayesian {M}issing {D}ata {P}roblems: {EM}, {D}ata {A}ugmentation and {N}oniterative {C}omputation},
PUBLISHER = {Chapman \& Hall/CRC},
YEAR = {2010},
}


@BOOK{Townsend2015,
AUTHOR = {Townsend, N and  Bhatnagar, P and Wilkins, E and Wickramasinghe,  K and Rayner, M },
TITLE = { Cardiovascular disease statistics},
PUBLISHER = {British Heart Foundation: London},
YEAR = {2015},
}

##################################################################################
## the above is book
##################################################################################


@MISC{AEA2011,
     TITLE = {{UK} modelling under the {A}ir {Q}uality {D}irective (2008/50/EC) for 2010 covering the following air quality pollutants: {SO}$_{2}$, {NO}$_{x}$, {NO}$_{2}$, {PM}$_{10}$, {PM}$_{2.5}$, lead, benezene, {CO} and ozone},
     AUTHOR = "{AEA}",
         howpublished = "{\url{http://uk-air.defra.gov.uk/assets/documents/reports/cat09/1204301513\_AQD2010mapsrep\_master\_v0.pdf}}",
     year = "2011",
}

@Article{Allodji2012,
author="Allodji, Rodrigue S.
and Leuraud, Klervi
and Thi{\'e}baut, Anne C. M.
and Henry, St{\'e}phane
and Laurier, Dominique
and B{\'e}nichou, Jacques",
title="Impact of measurement error in radon exposure on the estimated excess relative risk of lung cancer death in a simulated study based on the {F}rench {U}ranium {M}iners' {C}ohort",
journal="Radiation and Environmental Biophysics",
year="2012",
volume="51",
number="2",
pages="151 - 163",
}

@article{Armstrong1990,
author = {Armstrong, Ben G.},
title = {THE EFFECTS OF MEASUREMENT ERRORS ON RELATWE RISK REGRESSIONS},
volume = {132},
number = {6},
pages = {1176 - 1184},
year = {1990},
journal = {American Journal of Epidemiology}
}


@article{Barcelo2009,
title = "Spatial variability in mortality inequalities, socioeconomic deprivation, and air pollution in small areas of the {B}arcelona {M}etropolitan {R}egion, {S}pain ",
journal = "Science of The Total Environment ",
volume = "407",
number = "21",
pages = "5501 - 5523",
year = "2009",
author = "Maria Antònia Barcel\'o and Marc Saez and Carme Saurina",
}


@ARTICLE{Basu2004,
 AUTHOR =       "Basu,Rupa and Woodruff, Tracey J and Parker, Jennifer D and Saulnier, Louise and Schoendorf, Kenneth C",
 TITLE =        "Comparing exposure metrics in the relationship between {PM}2.5 and birth weight in {C}alifornia",
 JOURNAL =      "Journal of {E}xposure {A}nalysis and {E}nvironmental {E}pidemiology",
 YEAR =         "2004",
 volume =       "14",
 pages =        "391 - 396",
}
@article{Beelen2014,
title = "Effects of long-term exposure to air pollution on natural-cause mortality: an analysis of 22 {E}uropean cohorts within the multicentre \{ESCAPE\} project ",
journal = "The Lancet ",
volume = "383",
number = "9919",
pages = "785 - 795",
year = "2014",
author = "Rob Beelen and Ole Raaschou-Nielsen and Massimo Stafoggia and Zorana Jovanovic Andersen and Gudrun Weinmayr and Barbara Hoffmann and Kathrin Wolf and Evangelia Samoli and Paul Fischer and Mark Nieuwenhuijsen and Paolo Vineis and Wei W Xun and Klea Katsouyanni and Konstantina Dimakopoulou and Anna Oudin and Bertil Forsberg and Lars Modig and Aki S Havulinna and Timo Lanki and Anu Turunen and Bente Oftedal and Wenche Nystad and Per Nafstad and Ulf De Faire and Nancy L Pedersen and Claes-Göran Östenson and Laura Fratiglioni and Johanna Penell and Michal Korek and Göran Pershagen and Kirsten Thorup Eriksen and Kim Overvad and Thomas Ellermann and Marloes Eeftens and Petra H Peeters and Kees Meliefste and Meng Wang and Bas Bueno-de-Mesquita and Dorothea Sugiri and Ursula Krämer and Joachim Heinrich and Kees de Hoogh and Timothy Key and Annette Peters and Regina Hampel and Hans Concin and Gabriele Nagel and Alex Ineichen and Emmanuel Schaffner and Nicole Probst-Hensch and Nino Künzli and Christian Schindler and Tamara Schikowski and Martin Adam and Harish Phuleria and Alice Vilier and Françoise Clavel-Chapelon and Christophe Declercq and Sara Grioni and Vittorio Krogh and Ming-Yi Tsai and Fulvio Ricceri and Carlotta Sacerdote and Claudia Galassi and Enrica Migliore and Andrea Ranzi and Giulia Cesaroni and Chiara Badaloni and Francesco Forastiere and Ibon Tamayo and Pilar Amiano and Miren Dorronsoro and Michail Katsoulis and Antonia Trichopoulou and Bert Brunekreef and Gerard Hoek"
}

@article {Belanger2006,
	Title = {Association of indoor nitrogen dioxide exposure with respiratory symptoms in children with asthma},
	Author = {Belanger, Kathleen and Gent, Janneane F and Triche, Elizabeth W and Bracken, Michael B and Leaderer, Brian P},
	Number = {3},
	Volume = {173},
	Year = {2006},
	Journal = {American journal of respiratory and critical care medicine},
	Pages = {297 - 303},
}


@article{Bell2001,
year={2001},
journal={Environmental Health Perspectives},
volume={109},
number={3},
title={Reassessment of the {L}ethal {L}ondon {F}og of 1952: {N}ovel {I}ndicators of {A}cute and {C}hronic {C}onsequences of {A}cute {E}xposure to {A}ir {P}ollution},
author={Bell, ML and Davis, DL.},
pages={389 - 394},
}

@Article{Bennett2004,
author="Bennett, James and Little, Mark P. and Richardson, Sylvia",
title="Flexible dose-response models for {J}apanese atomic bomb survivor data: {B}ayesian estimation and prediction of cancer risk",
journal="Radiation and Environmental Biophysics",
year="2004",
volume="43",
number="4",
pages="233 - 245",
}

@article{Berrocal2010,
year={2010},
journal={Journal of Agricultural, Biological, and Environmental Statistics},
volume={15},
number={2},
title={A {S}patio-{T}emporal {D}ownscaler for {O}utput {F}rom {N}umerical {M}odels},
author={Berrocal, VeronicaJ. and Gelfand, AlanE. and Holland, DavidM.},
pages={176 - 197},
}


@article{Berrocal2010b,
author = "Berrocal, Veronica J. and Gelfand, Alan E. and Holland, David M.",
journal = "The Annals of Applied Statistics",
journal = "Ann. Appl. Stat.",
month = "12",
number = "4",
pages = "1942 - 1975",
title = "A bivariate space-time downscaler under space and time misalignment",
volume = "4",
year = "2010"
}

@article{Berrocal2011,
year={2011},
journal={Environmetrics},
volume={22},
number={4},
title={On the use of a {PM}2.5 exposure simulator to explain birthweight},
author={Berrocal, VeronicaJ. and Gelfand, AlanE. and Holland, DavidM and Burke, Janet and Miranda, Marie Lynn},
pages={553 - 571},
}


@article {Berrocal2012,
author = {Berrocal, Veronica J. and Gelfand, Alan E. and Holland, David M.},
title = {Space-{T}ime {D}ata fusion {U}nder {E}rror in {C}omputer {M}odel {O}utput: {A}n {A}pplication to {M}odeling {A}ir {Q}uality},
journal = {Biometrics},
volume = {68},
number = {3},
pages = {837 - 848},
year = {2012},
}

@ARTICLE{Besag1991,
 AUTHOR =       "Besag, J and York, J and Mollie, A",
 TITLE =        "Bayesian image restoration with two applications in spatial statistics",
 JOURNAL =      "Annals of the {I}nstitute of {S}tatistics and {M}athematics",
 YEAR =         "1991",
 volume =       "43",
 pages =        "1 - 59",
}

@article {Blair2007,
author = {Blair, Aaron and Stewart, Patricia and Lubin, Jay H. and Forastiere, Francesco},
title = {Methodological issues regarding confounding and exposure misclassification in epidemiological studies of occupational exposures},
journal = {American Journal of Industrial Medicine},
volume = {50},
number = {3},
pages = {199 - 207},
year = {2007},
}



@article{Brown2003,
author = {Brown, Terry P. and Rushton, Lesley and Mugglestone, Moira A. and Meechan, David F.},
title = {Health effects of a sulphur dioxide air pollution episode},
volume = {25},
number = {4},
pages = {369 - 371},
year = {2003},
journal = {Journal of Public Health}
}

@article{Brunekreef1987,
author = {Brunekreef, Bert and Noy, Dook and Clausing, Pieter},
title = {VARIABILITY OF EXPOSURE MEASUREMENTS IN ENVIRONMENTAL EPIDEMIOLOGY},
volume = {125},
number = {5},
pages = {892 - 898},
year = {1987},
journal = {American Journal of Epidemiology}
}

@article {Bruno2002,
author = {Bruno, Francesca and Cocchi, Daniela},
title = {A unified strategy for building simple air quality indices},
journal = {Environmetrics},
volume = {13},
number = {3},
pages = {243 - 261},
year = {2002},
}

@article{Bruno2013,
year={2013},
journal={Stochastic Environmental Research and Risk Assessment},
title={Spatial reconstruction of rainfall fields from rain gauge and radar data},
author={Bruno, Francesca and Cocchi, Daniela and Greco, Fedele and Scardovi, Elena},
pages={1 - 11},
}

@article{Carder2008,
author = {M Carder  and   R McNamee and   I Beverland and  R  Elton and  M Van Tongeren and  G R  Cohen and  J Boyd and  W MacNee and   R M Agius},
title = {Interacting effects of particulate pollution and cold temperature on cardiorespiratory mortality in {S}cotland},
journal = {Occupational and environmental medicine},
volume = {65},
pages = {197 - 204},
year = {2008},
}

@article{Carey2013,
author = {Carey, IM and Atkinson, RW and Kent, AJ and van Staa, T and  Cook,  DG and Anderson, HR},
title = {Mortality associations with long-term exposure to outdoor air pollution in a national {E}nglish cohort},
journal = {Am J Respir Crit Care Med},
volume = {187},
number={11},
pages = {1226 - 33},
year = {2013},
}

@article{Cesaroni2013,
author = {Giulia Cesaroni and  Chiara Badaloni and  Claudio Gariazzo and  Massimo Stafoggia and  Roberto Sozzi and  Marina Davoli and Francesco Forastiere},
title = {Long-term exposure to urban air pollution and mortality in a cohort of more than a million adults in {R}ome},
journal = {Environ. Health Perspect.},
volume = {121},
pages = {324 - 331},
year = {2013},
}


@article{Chauhan1998,
author = {Chauhan, A.J. and  Krishna, M.T. and  Frew, A.J. and  Holgate, S.T.},
title = {Exposure to nitrogen dioxide ({NO}2) and respiratory disease risk},
journal = {Reviews on Environmental Health},
volume = {13},
pages = {73 - 90},
year = {1998},
}


@article{Chen2012,
author = "Chen, R and Huang, W and Wong, C and Wang, Z and Thach, T and Chen, B and Kan, H",
title = "Short-term exposure to sulfur dioxide and daily mortality in 17 {C}hinese cities: The {C}hina air pollution and health effects study (CAPES) ",
journal = "Environmental Research ",
volume = "118",
pages = "101 - 106",
year = "2012",
}



@article{Cowles1996,
year={1996},
journal={ Journal of the American Statistical Association},
volume={91},
number={434},
title={Markov {C}hain {M}onte {C}arlo {C}onvergence {D}iagnostics: {A} {C}omparative {R}eview},
author={Cowles, MaryKathryn and Carlin, Bradley P.},
pages={883 - 904},
}

@article{Cowles2002,
year={2002},
journal={Journal of Agricultural, Biological, and Environmental Statistics},
volume={7},
number={4},
title={Combining snow water equivalent data from multiple sources to estimate spatio-temporal trends and compare measurement systems},
author={Cowles, MaryKathryn and Zimmerman, DaleL. and Christ, Aaron and McGinnis, DavidL.},
pages={536 - 557},
}
@article {Cowles2003,
author = {Cowles, Mary Kathryn and Zimmerman, Dale L.},
title = {A Bayesian space-time analysis of acid deposition data combined from two monitoring networks},
journal = {Journal of Geophysical Research: Atmospheres},
volume = {108},
number = {D24},
pages = {n/a - n/a},
year = {2003},
}

@MISC{defra2007,
  AUTHOR =       "{Department for {E}nvironment and {F}ood {A}nd {R}ural {A}ffairs}",
  TITLE =        "The {A}ir {Q}uality {S}trategy for {E}ngland, {S}cotland, {W}ales and {N}orthern {I}reland",
    howpublished = "{(The Stationery Office}",
      YEAR =         "2007",
}

@MISC{defra2010,
  AUTHOR =       "{Department for {E}nvironment and {F}ood {A}nd {R}ural {A}ffairs}",
  TITLE =        "Air {Q}uality {A}ppraisal - {V}aluing {E}nvironmental {L}imits",
    howpublished = "{Her Majesty's Stationary Office}",
      YEAR =         "2010",
}

@MISC{defra2015,
  AUTHOR =       "{Department for {E}nvironment and {F}ood {A}nd {R}ural {A}ffairs}",
  TITLE =        "Draft plans to improve air quality in the {U}{K} - {T}ackling nitrogen dioxide in our towns and cities",
    howpublished = "{Crown}",
      YEAR =         "2015",

}

@article{Desqueyroux2002,
title = "Short-{T}erm {E}ffects of {L}ow-{L}evel {A}ir {P}ollution on {R}espiratory {H}ealth of {A}dults {S}uffering from {M}oderate to {S}evere {A}sthma ",
journal = "Environmental Research ",
volume = "89",
number = "1",
pages = "29 - 37",
year = "2002",
author = "Hélène Desqueyroux and Jean-Claude Pujet and Michel Prosper and Fabien Squinazi and Isabelle Momas",
}



@article {Diepgen2002,
author = {Diepgen, T.L. and Mahler, V.},
title = {The epidemiology of skin cancer},
journal = {British Journal of Dermatology},
volume = {146},
publisher = {Blackwell Science, Ltd},
pages = {1 - 6},
year = {2002},
}

@article{Dockery1993,
author = { Dockery ,  Douglas W.  and  Pope ,  C. Arden  and  Xu ,  Xiping  and  Spengler ,  John D.  and  Ware ,  James H.  and  Fay ,  Martha E.  and  Ferris ,  Benjamin G.   Jr.  and  Speizer ,  Frank E. },
title = {An {A}ssociation between {A}ir {P}ollution and {M}ortality in {S}ix {U}.{S}. {C}ities},
journal = {New England Journal of Medicine},
volume = {329},
number = {24},
pages = {1753 - 1759},
year = {1993},
}


@article{Dominici2002,
author = {Dominici, Francesca and Daniels, Michael and Zeger, Scott L and Samet, Jonathan M},
title = {Air {P}ollution and {M}ortality},
journal = {Journal of the American Statistical Association},
volume = {97},
number = {457},
pages = {100 - 111},
year = {2002},
}


@article {Ehrlich1977,
author = {Ehrlich, R. and Findlay, J.C. and Fenters, J.D. and Gardner, D.E.},
title = {Health effects of short-term inhalation of nitrogen dioxide and ozone mixtures},
journal = {Environmental Research},
volume = {14},
pages = {223 - 231},
year = {1977},
}

@article{Elliott2007,
          volume = {62},
          number = {12},
          author = {Elliott, P and Shaddick, G and Wakefield, J and {de Hoogh}, C and Briggs, D},
           title = {Long-term associations of outdoor air pollution with mortality in {G}reat {B}ritain},
         journal = {Thorax},
           pages = {1088 - 1094},
            year = {2007},
}



@article {Fuentes2005,
author = {Fuentes, Montserrat and Raftery, Adrian E.},
title = {Model {E}valuation and {S}patial {I}nterpolation by {B}ayesian {C}ombination of {O}bservations with {O}utputs from {N}umerical {M}odels},
journal = {Biometrics},
volume = {61},
number = {1},
pages = {36 - 45},
year = {2005},
}
@article{Fuentes2008,
     title = {Spatial-{T}emporal {M}esoscale {M}odeling of {R}ainfall {I}ntensity {U}sing {G}age and {R}adar {D}ata},
     author = {Fuentes, Montserrat and Reich, Brian and Gyuwon Lee},
     journal = {The Annals of Applied Statistics},
     volume = {2},
     number = {4},
     pages = {1148 - 1169},
     year = {2008},
    }
@article{Gelfand1990,
author = { Alan E.   Gelfand  and  Adrian F. M.   Smith },
title = {Sampling-{B}ased {A}pproaches to {C}alculating {M}arginal {D}ensities},
journal = {Journal of the American Statistical Association},
volume = {85},
number = {410},
pages = {398 - 409},
year = {1990},
}



@article{Gelfand2001,
author = {Gelfand, Alan E. and Zhu, Li and Carlin, Bradley P.},
title = {On the change of support problem for spatio-temporal data},
volume = {2},
number = {1},
pages = {31 - 45},
year = {2001},
journal = {Biostatistics}
}

@ARTICLE{Gelman2006,
    author = {Andrew Gelman},
    title = {Prior distributions for variance parameters in hierarchical models},
    journal = {Bayesian Analysis},
    year = {2006},
    volume = {1},
    pages = {1 - 19}
}

@article{Geman1984,
author = { Stuart   Geman  and  Donald   Geman },
title = {Stochastic relaxation, {G}ibbs distributions and the {B}ayesian restoration of images},
journal = {IEEE Transactions on Pattern Analysis and Machine Intelligence},
volume = {6},
pages = {721 - 741},
year = {1984},
}

@article{Gilmour2004,
title = "Pulmonary and systemic effects of short-term inhalation exposure to ultrafine carbon black particles ",
journal = "Toxicology and Applied Pharmacology ",
volume = "195",
number = "1",
pages = "35 - 44",
year = "2004",
author = "Peter S Gilmour and Axel Ziesenis and E.Rona Morrison and Mark A Vickers and Ellen M Drost and Isobel Ford and Erwin Karg and Claudia Mossa and Andreas Schroeppel and George A Ferron and Joachim Heyder and Michael Greaves and William MacNee and Kenneth Donaldson",
}

@article{Gladen1979,
author = {Gladen, Beth and Rogan, Walter J.},
title = {MISCLASSIFICATION AND THE DESIGN OF ENVIRONMENTAL STUDIES},
volume = {109},
number = {5},
pages = {607 - 616},
year = {1979},
journal = {American Journal of Epidemiology}
}

@article{Goldberg2005,
author = { Mark S.   Goldberg  and  Richard T.   Burnett },
title = {A {N}ew {L}ongitudinal {D}esign for {I}dentifying {S}ubgroups of {T}he {P}opulation who are {S}usceptible to the {S}hort-term {E}ffects of {A}mbient {A}ir {P}ollution},
journal = {Journal of Toxicology and Environmental Health, Part A},
volume = {68},
number = {13 -14},
pages = {1111 - 1125},
year = {2005},
}



@article{Gotway2002,
author = {Carol A. Gotway and Linda J. Young},
title = {Combining {I}ncompatible {S}patial {D}ata},
volume = {97},
number = {458},
pages = {632 - 648},
year = {2002},
journal = {American Statistical Association}
}

@article{Greven2011,
author = {Sonja Greven and Francesca Dominici and Scott Zeger},
title = {An {A}pproach to the {E}stimation of {C}hronic {A}ir {P}ollution {E}ffects {U}sing {S}patio-{T}emporal {I}nformation},
volume = {106},
number = {494},
pages = {396 - 406},
year = {2011},
journal = {Journal of the American Statistical Association}
}

@article{Haining2010,
title = "Inference from ecological models: Estimating the relative risk of stroke from air pollution exposure using small area data ",
journal = "Spatial and Spatio-temporal Epidemiology ",
volume = "1",
number = "2 - 3",
pages = "123 - 131",
year = "2010",
author = "Robert Haining and Guangquan Li and Ravi Maheswaran and Marta Blangiardo and Jane Law and Nicky Best and Sylvia Richardson",
}



@article{Hastings1970,
title = "Monte {C}arlo sampling methods using {M}arkov chains and their applications",
journal = "Biometrika",
volume = "57",
pages = "97 - 109",
year = "1970",
author = "Hastings, W.K."
}



@article{Heid2004,
title = "Two dimensions of measurement error: {C}lassical and {B}erkson errorin residential radon exposure assessment",
journal = "Journal of Exposure Analysis and Environmental Epidemiology ",
volume = "14",
pages = "365 - 377",
year = "2004",
author = " Heid,  I.M. and  Kuchenhoff, H. and  Miles, J. and Kreienbrock, L. and Wichmann, H.E."
}

@article{Heckman1979,
title = "Sample selection bias as a specification error ",
journal = "Econometrica",
volume = "47",
pages = "153 - 161",
year = "1979",
author = "Heckman, James J."
}

@article{Heidelberger1981,
 author = {Heidelberger, Philip and Welch, Peter D.},
 title = {A {S}pectral {M}ethod for {C}onfidence {I}nterval {G}eneration and {R}un {L}ength {C}ontrol in {S}imulations},
 journal = {Commun. ACM},
 volume = {24},
 number = {4},
 month = apr,
 year = {1981},
 pages = {233 - 245},
}

@article{Heidelberger1983,
author = {Philip Heidelberger and Peter D. Welch},
title = {Simulation {R}un {L}ength {C}ontrol in the {P}resence of an {I}nitial {T}ransient},
journal = {Operations Research},
volume = {31},
number = {6},
pages = {1109 - 1144},
year = {1983},
}

@article{Hoek2001,
title = "Estimation of long-term average exposure to outdoor air pollution for a cohort study on mortality",
journal = "Journal of Exposure Analysis and Environmental Epidemiology ",
number = "11",
pages = "459 - 469",
year = "2001",
author = "Hoek,G  and Fischer, P  and {van den Brandt}, P and Goldbohm, S and Brunekreef, B "
}

@article{Hoek2002,
title = "Association between mortality and indicators of traffic-related air pollution in the {N}etherlands: a cohort study ",
journal = "The Lancet ",
volume = "360",
number = "9341",
pages = "1203 - 1209",
year = "2002",
author = "Hoek,G and Brunekreef, B and Goldbohm, S and Fischer, P and {van den Brandt}, P"
}

@article{Hong1999,
title = "{PM}10 exposure, gaseous pollutants, and daily mortality in {I}nchon, {S}outh {K}orea",
journal = "Environmental Health Perspectives",
volume = "107",
number = "11",
pages = "873 - 878",
year = "1999",
author = "Hong, Yun Chul and Leem, Jong Han and Ha, Eun Hee and Christiani, David C",
}


@article{Janes2007,
title = "Trends in {A}ir {P}ollution and {M}ortality: {A}n {A}pproach to the {A}ssessment of {U}nmeasured {C}onfounding ",
journal = "Epidemiology ",
volume = "18",
number = "4",
pages = "416 - 423",
year = "2007",
author = "Janes,H and Dominici,F and Zeger,S.L"
}

@article{Jerrett2005,
title = "Particulate air pollution, social confounders, and mortality in small areas of an industrial city ",
journal = "Social Science \& Medicine ",
volume = "60",
number = "12",
pages = "2845 - 2863",
year = "2005",
author = "Michael Jerrett and Michael Buzzelli and Richard T. Burnett and Patrick F. DeLuca",
}


@article {Kattan2007,
	Title = {Health effects of indoor nitrogen dioxide and passive smoking on urban asthmatic children},
	Author = {Kattan, Meyer and Gergen, Peter J and Eggleston, Peyton and Visness, Cynthia M and Mitchell, Herman E},
	Number = {3},
	Volume = {120},
	Year = {2007},
	Journal = {The Journal of allergy and clinical immunology},
	Pages = {618 - 624},
}



@article{Katsouyanni2001,
title = "Confounding and effect modification in the short-term effects of ambient particles on total mortality: {R}esults from 29 {E}uropean cities within the {APHEA}2 project  ",
journal = "Epidemiology",
volume = "12",
number = "5",
pages = "521 - 531",
year = "2001",
author = "Katsouyanni, K and Touloumi, G and Samoli, E and Gryparis, A and Le Tertre, A and Monopolis, Y and Rossi, G and Zmirou, D and Ballester, F and Boumghar, A and Anderson, HR and Wojtyniak, B and Paldy, A and Braunstein, R and Pekkanen, J and Schindler, C and Schwartz, J "
}

@article{Kim2007,
title = "Panel discussion review: session two - interpretation of observed associations between multiple ambient air pollutants and health effects in
epidemiologic analyses",
journal = "Journal of Exposure Science and Environmental Epidemiology",
volume = "17",
pages = "83-89",
year = "2007",
author = "Kim,Jee Young and Burnett,Richard T and Neas,Lucas and  Thurston,George D and Schwartz,Joel and Tolbert,Paige E and Brunekreef,Bert and Goldberg,Mark S and  Romieu,Isabelle",
}
@Article{Kioumourtzoglou2014,
author="Kioumourtzoglou, Marianthi Anna
and Spiegelman, Donna
and Szpiro, Adam A.
and Sheppard, Lianne
and Kaufman, Joel D.
and Yanosky, Jeff D.
and Williams, Ronald
and Laden, Francine
and Hong, Biling
and Suh, Helen",
title="Exposure measurement error in {PM}2.5 health effects studies: {A} pooled analysis of eight personal exposure validation studies",
journal="Environmental Health",
year="2014",
volume="13",
number="1",
pages="1 - 11",
}


@article{Kontos1999,
title = "Short-{T}erm {E}ffects of {A}ir {P}ollution on {C}hildhood {R}espiratory {I}llness in {P}iraeus, {G}reece, 1987 - 1992: {N}onparametric {S}tochastic {D}ynamic {A}nalysis ",
journal = "Environmental Research ",
volume = "81",
number = "4",
pages = "275 - 296",
year = "1999",
author = "A.S. Kontos and S.D. Fassois and M.F. Deli",
}

@article{Kumar2006,
year={2006},
journal={Environmental Monitoring and Assessment},
volume={119},
number={1 - 3},
title={Air {P}ollution {C}oncentrations of {PM}2.5, {PM}10 and {NO}2 at {A}mbient and {K}erbsite and {T}heir {C}orrelation in {M}etro {C}ity – {M}umbai},
author={Kumar, Rakesh and Joseph, AbbaElizabeth},
pages={191 - 199},
}


@article{Laden2006,
title = "Reduction in {F}ine {P}articulate {A}ir {P}ollution and {M}ortality",
journal = "American Journal of Respiratory and Critical Care Medicine",
volume = "173",
number = "6",
pages = "667 - 672",
year = "2006",
author = "Laden, F and Schwartz, J and Speizer, F. E.  and Dockery,D. W. "
}



@article{Lee2009,
author = {Lee, D and Ferguson, C and Mitchell, R},
title = {Air pollution and health in {S}cotland: a multicity study},
volume = {10},
number = {3},
pages = {409 - 423},
year = {2009},
journal = {Biostatistics}
}
@article{Lee2011,
author = "Lee, D",
title = "A comparison of conditional autoregressive models used in {B}ayesian disease mapping ",
journal = "Spatial and Spatio-temporal Epidemiology ",
volume = "2",
number = "2",
pages = "79 - 89",
year = "2011",
}

@article{Lee2011b,
author = "Lee, D and  Ferguson, C and Scott, E. Marian ",
title = "Constructing representative air quality indicators with measures of uncertainty ",
journal = "Journal of the Royal Statistical Society: Series A (Statistics in Society) ",
volume = "174",
number = "1",
pages = "109 - 126",
year = "2011",
}


@ARTICLE{Lee2012a,
 AUTHOR =       "Lee, D and Mitchell, R",
 TITLE =        "Boundary detection in disease mapping studies",
 JOURNAL =      "Biostatistics",
 YEAR =         "2012",
 volume =       "13",
 pages =        "415 - 426",
}
@article {Lee2012b,
author = {Lee, D},
title = {Using spline models to estimate the varying health risks from air pollution across {S}cotland},
journal = {Statistics in Medicine},
volume = {31},
number = {27},
pages = {3366 - 3378},
year = {2012},
}



@article {Lee2013a,
  author =	"Lee, D",
  title =	"{CARB}ayes: {A}n {R} {P}ackage for {B}ayesian {S}patial {M}odeling with {C}onditional {A}utoregressive {P}riors",
  journal =	"Journal of Statistical Software",
  volume =	"55",
  number =	"13",
  pages =	"1 - 24",
  year = 	"2013",
}

@article {Lee2013b,
author = {Lee, Duncan and Mitchell, Richard},
title = {Locally adaptive spatial smoothing using conditional auto-regressive models},
journal = {Journal of the Royal Statistical Society: Series C (Applied Statistics)},
volume = {62},
number = {4},
pages = {593 - 608},
year = {2013},
}

@article {Lee2014,
  author =	"Lee, D and Rushworth, A and Sahu, S. K",
  title =	"A {B}ayesian localised conditional autoregressive model for estimating the health effects of air pollution",
  journal =	"Biometrics",
  volume =	"70",
  pages =	"419 - 429",
  year = 	"2014",
}

@article {LeeG2005,
author = {Lee, G and Zawadzki, I},
title = {Variability of {D}rop {S}ize {D}istributions: {T}ime-{S}cale {D}ependence of the {V}ariability and {I}ts {E}ffects on {R}ain {E}stimation},
journal = {Journal of Applied Meteorology},
volume = {44},
number = {2},
pages = {241 - 255},
year = {2005},
}

@article{LeeH2015,
title = "Short-term exposure to fine and coarse particles and mortality: {A} multicity time-series study in {E}ast {A}sia ",
journal = "Environmental Pollution ",
volume = "207",
number = "",
pages = "43 - 51",
year = "2015",
author = "Hyewon Lee and Yasushi Honda and Masahiro Hashizume and Yue Leon Guo and Chang-Fu Wu and Haidong Kan and Kweon Jung and Youn-Hee Lim and Seungmuk Yi and Ho Kim",
}

@article {Li2007,
author = {Li, Yehua and Guolo, Annamaria and Hoffman, F. Owen and Carroll, Raymond J.},
title = {Shared {U}ncertainty in {M}easurement {E}rror {P}roblems, with {A}pplication to {N}evada {T}est {S}ite {F}allout {D}ata},
journal = {Biometrics},
volume = {63},
number = {4},
pages = {1226 - 1236},
year = {2007},
}


@ARTICLE{MacLehose2007,
title = {Bayesian {M}ethods for {H}ighly {C}orrelated {E}xposure {D}ata},
author = {MacLehose, Richard F. and Dunson, David B. and Herring, Amy H. and Hoppin, Jane A.},
year = {2007},
journal = {Epidemiology},
volume = {18},
number = {2},
pages = {199-207},
}

 @Article{Lee2018,
    title = {Spatio-Temporal Areal Unit Modeling in {R} with
      Conditional Autoregressive Priors Using the {CARBayesST}
      Package},
    author = {Duncan Lee and Alastair Rushworth and Gary Napier},
    journal = {Journal of Statistical Software},
    year = {2018},
    volume = {84},
    number = {9},
    pages = {1--39},
    doi = {10.18637/jss.v084.i09},
  }

@ARTICLE{Macnab2003,
  AUTHOR =       "Macnab, Y",
  TITLE =        "Hierarchical {B}ayesian modelling of spatially correlated health service outcome and utilization rates",
  JOURNAL =      "Biometrics",
  YEAR =         "2003",
  pages =        "305 - 316",
  volume =       "59",
}

@article{Maheswaran2005,
author = {Maheswaran, Ravi and Haining, Robert P. and Brindley, Paul and Law, Jane and Pearson, Tim and Fryers, Peter R. and Wise, Stephen and Campbell, Michael J.},
title = {Outdoor {A}ir {P}ollution and {S}troke in {S}heffield, {U}nited {K}ingdom: {A} {S}mall-{A}rea {L}evel {G}eographical {S}tudy},
volume = {36},
number = {2},
pages = {239 - 243},
year = {2005},
journal = {Stroke}
}

@ARTICLE{Maheswaran2006,
  AUTHOR =       "Maheswaran, R and Haining, R and Pearson, T and Law, J and Brindley, P and Best, N",
  TITLE =        "Outdoor {NO}x and stroke mortality adjusting for small area level smoking prevalence using a {B}ayesian approach",
  JOURNAL =      "Statistical Methods in Medical Research",
  YEAR =         "2006",
  pages =        "499 - 516",
  volume =       "15",
}

@ARTICLE{Metropolis1953,
  AUTHOR =       " Metropolis, Nicholas and   Rosenbluth, Arianna W. and  Rosenbluth,  Marshall N. and   Teller, Augusta H.  and Teller,Edward ",
  TITLE =        "Equations of state calculations by fast computing machines",
  JOURNAL =      "Chemical Physics",
  YEAR =         "1953",
  pages =        "1087 - 1091",
  volume =       "21",
}


@article {McMillan2010,
author = {McMillan, Nancy J. and Holland, David M. and Morara, Michele and Feng, Jingyu},
title = {Combining numerical model output and particulate data using {B}ayesian space-time modeling},
journal = {Environmetrics},
volume = {21},
number = {1},
pages = {48 - 65},
year = {2010},
}

@article {Molitor2007,
author = {Molitor, John and Jerrett, Michael and Chang, Chih-Chieh and Molitor, Nuoo-Ting and Gauderman, Jim and Berhane, Kiros and McConnell, Rob and Lurmann, Fred and Wu, Jun and Winer, Arthur and Thomas, Duncan},
title = {Assessing {U}ncertainty in {S}patial {E}xposure {M}odels for {A}ir {P}ollution {H}ealth {E}ffects {A}ssessment},
journal = {Environmental Health Perspectives},
volume = {115},
number = {8},
pages = {1147 - 1153},
year = {2007},
}

@article {Moran1950,
author = {Moran, P},
title = {Notes on continuous stochastic phenomena},
journal = {Biometrika},
volume = {37},
pages = {17 - 23},
year = {1950},
}

@article{Nafstad2004,
author = {Nafstad, Per and Håheim, Lise Lund and Wisloff, Torbjorn and Gram, Frederick and	Oftedal, Bente and	Holme, Ingar and Hjermann, Ingvar and Leren, Paul},
title = {Urban air pollution and mortality in a cohort of norwegian men},
journal = {Environ Health Perspect},
volume = {112},
number = {5},
pages = {610 - 5},
year = {2004}
}

@article{Neukirch1998,
author = { Francoise   Neukirch  and  Claire   Ségala  and  Yvon   Le   Moullec  and  Myriam   Korobaeff  and  Michel   Aubier },
title = {Short-{T}erm {E}ffects of {L}ow-{L}evel {W}inter {P}ollution on {R}espiratory {H}ealth of {A}sthmatic {A}dults},
journal = {Archives of Environmental Health: An International Journal},
volume = {53},
number = {5},
pages = {320 - 328},
year = {1998},

}


@article {Norval2011,
author = {Norval, M. and  Lucas , R. M. and  Cullen,  A. P. and  de Gruijl,  F. R. and  Longstreth, J. and   Takizawa, Y. and van der Leun,  J. C.},
title = {The human health effects of ozone depletion and interactions with climate change},
journal = {Photochem. Photobiol. Sci.},
volume = {10},
pages = {199 - 225},
year = {2011},
}

@article{Oakes2014,
title = "Evaluating the application of multipollutant exposure metrics in air pollution health studies ",
journal = "Environment International ",
volume = "69",
number = "0",
pages = "90 - 99",
year = "2014",
author = "Oakes,Michelle and Baxter,Lisa and  C. Long,Thomas",
}

@Article{Oftedal2003,
author="Oftedal, Bente
and Nafstad, Per
and Magnus, Per
and Bj{\o}rkly, Sonja
and Skrondal, Anders",
title="Traffic related air pollution and acute hospital admission for respiratory diseases in {D}rammen, {N}orway 1995--2000",
journal="European Journal of Epidemiology",
volume="18",
number="7",
pages="671 - 676",
year="2003"
}

@article{Pachon2012,
author = {Pachon, Jorge   E. and Balachandran, Sivaraman and Hu, Yongtao and Mulholland, James   A. and Darrow, Lyndsey   A. and Sarnat, Jeremy   A. and Tolbert, Paige   E. and Russell, Armistead   G.},
title = {Development of outcome-based, multipollutant mobile source indicators},
journal = {Journal of the Air \& Waste Management Association},
volume = {62},
number = {4},
pages = {431 - 442},
year = {2012},
}
@article{Pannullo2015,
title = "Improving spatial nitrogen dioxide prediction using diffusion tubes: {A} case study in {W}est {C}entral {S}cotland ",
journal = "Atmospheric Environment ",
volume = "118",
number = "",
pages = "227 - 235",
year = "2015",
author = "Francesca Pannullo and Duncan Lee and Eugene Waclawski and Alastair H. Leyland",
}

@article{Papathomas2011,
title = "Examining the Joint Effect of Multiple Risk Factors Using Exposure Risk Profiles: Lung Cancer in Nonsmokers ",
journal = "Environmental Health Perspectives ",
volume = "119",
number = "1",
pages = "84 - 91",
year = "2011",
author = "Papathomas, M. and Molitor, J. and Richardson, S. and Riboli, E. and Vineis, P.",
}



@article{Pickles1982,
title = "Air pollution estimation error and what it does to epidemiological analysis",
journal = "Atmospheric Environment (1967)",
volume = "16",
number = "9",
pages = "2241 - 2245",
year = "1982",
author = "Pickles, J.H.",
}

@article{Pirani2015,
title = "Analysing the health effects of simultaneous exposure to physical and chemical properties of airborne particles ",
journal = "Environment International ",
volume = "79",
number = "",
pages = "56 - 64",
year = "2015",
author = "Monica Pirani and Nicky Best and Marta Blangiardo and Silvia Liverani and Richard W. Atkinson and Gary W. Fuller",
}


@article{Pope2002,
author = {Pope, III C and Burnett, RT and Thun, MJ and et al},
title = {Lung cancer, cardiopulmonary mortality, and long-term exposure to fine particulate air pollution},
journal = {Journal of the American Medical Association},
volume = {287},
number = {9},
pages = {1132 - 1141},
year = {2002},
}



@article{Prescott1998,
author = {Prescott, G J and Cohen, G R and Elton, R A and Fowkes, F G and Agius, R M},
title = {Urban air pollution and cardiopulmonary ill health: a 14.5 year time series study},
journal = {Occupational and environmental medicine},
volume = {55},
number = {10},
pages = {697 - 704},
year = {1998},
}

@article {Qian2004,
author = {Qian,Zhengmin and Zhang,Junfeng and  Korn, Leo R and Wei,Fusheng and Chapman,Robert S},
title = {Factor analysis of household factors: are they associated with respiratory conditions in {C}hinese children?},
journal = {International Journal of Epidemiology},
volume = {33},
pages = {582 - 588},
year = {2004},
}


@Article{RaaschouNielsen2012,
author="Raaschou-Nielsen, Ole
and Andersen, Zorana Jovanovic
and Jensen, Steen Solvang
and Ketzel, Matthias
and S{\o}rensen, Mette
and Hansen, Johnni
and Loft, Steffen
and Tj{\o}nneland, Anne
and Overvad, Kim",
title="Traffic air pollution and mortality from cardiovascular disease and all causes: a {D}anish cohort study",
journal="Environmental Health",
year="2012",
volume="11",
number="1",
pages="1 - 12",
}


@article{Roberts1994,
title = "Simple conditions for the convergence of the {G}ibbs sampler and {M}etropolis-{H}astings algorithms ",
journal = "Stochastic Processes and their Applications ",
volume = "49",
number = "2",
pages = "207 - 216",
year = "1994",
author = "G.O. Roberts and A.F.M. Smith",
}

@article{Roberts1996,
author = {Roberts, G. O. and Tweedie, R. L.},
title = {Geometric convergence and central limit theorems for multidimensional {H}astings and {M}etropolis algorithms},
volume = {83},
number = {1},
pages = {95 - 110},
year = {1996},
journal = {Biometrika}
}




@article {Sacks2014,
author = {Sacks, Jason D. and  Rappold, Ana G. and  Allen Davis Jr.,J. and Richardson, David B. and  Waller, Anna E. and
Luben,Thomas J.},
title = {Influence of urbanicity and county characteristics on the association between ozone and asthma emergency department visits in {N}orth {C}arolina},
journal = {Environ Health Perspect},
volume = {122},
number = {5},
pages = {506 - 512},
year = {2014},
}

@article{Sahu2007,
title = "High {R}esolution {S}pace-{T}ime {O}zone {M}odeling for {A}ssessing {T}rends ",
journal = "Journal of the American Statistical Association ",
volume = "102",
number = "480",
pages = "1221 - 1234",
year = "2007",
author = "Sahu, Sujit K. and  Gelfand,Alan E. and Holland, David M.",
}


@article {Sahu2010,
author = {Sahu, Sujit K. and Gelfand, Alan E. and Holland, David M.},
title = {Fusing point and areal level space-time data with application to wet deposition},
journal = {Journal of the Royal Statistical Society: Series C (Applied Statistics)},
volume = {59},
number = {1},
pages = {77 - 103},
year = {2010},
}


@article {Sampson1998,
    author = {Paul D. Sampson and Paul D. Sampson and Peter Guttorp and Peter Guttorp},
    title = {Operational {E}valuation of {A}ir {Q}uality {M}odels},
    booktitle = {Proceedings of a Novartis Foundation Symposium on Environmental Statistics},
    year = {1998}
}

@article{Seaton2003,
author = {Seaton, A and Dennekamp, M},
title = {Hypothesis: Ill health associated with low concentrations of nitrogen dioxide-an effect of ultrafine particles?},
volume = {58},
number = {12},
pages = {1012 - 1015},
year = {2003},
journal = {Thorax},
}


@article{Schruben1982,
 author = {Lee W. Schruben},
 journal = {Operations Research},
 number = {3},
 pages = {569 - 590},
 publisher = {INFORMS},
 title = {Detecting Initialization {B}ias in {S}imulation {O}utput},
 volume = {30},
 year = {1982}
}

@article{Schruben1983,
 author = {Schruben, L. and Singh, H. and Tierney, L.},
 title = {Optimal {T}ests for {I}nitialization {B}ias in {S}imulation {O}utput},
 journal = {Oper. Res.},
 volume = {31},
 number = {6},
 year = {1983},
 pages = {1167 - 1178},
 numpages = {12},
}



@article{Shaddick2002,
author = {Gavin Shaddick and Jon Wakefield},
title = {{Modelling daily multivariate pollutant data at multiple sites}},
journal = {Journal of The Royal Statistical Society Series C-applied Statistics},
volume = {51},
year = {2002},
pages = {351 - 372},
issue = {3},
}

@article{Shin2005,
author = {Hwashin Shin and Timothy Ramsay and Daniel Krewski and Jan M Zielinski},
title = {{The effect of censoring on cancer risk estimates based on the {C}anadian {N}ational {D}ose {R}egistry of occupational radiation exposure}},
journal = {Journal of Exposure Analysis and Environmental Epidemiology},
volume = {15},
year = {2005},
pages = {398 - 406},
}

@article{Spiegelman2010,
author = {Spiegelman, D.},
title = {{Approaches to Uncertainty in Exposure Assessment in Environmental Epidemiology}},
journal = {Annual review of public health},
volume = {31},
year = {2010},
pages = {149 - 163},
}

@article{Spiegelhalter2002,
author = {Spiegelhalter, D. J. and Best, N. G. and Carlin, B. P. and van der Linde, A.},
title = {Bayesian measures of model complexity and fit (with discussion)},
journal = {Journal of the Royal Statistical Society, Series B (Statistical Methodology)},
volume = {64},
year = {2002},
pages = {583 - 639},
}

@article {Stern2000,
author = {Stern, H. and Cressie, N},
title = {Posterior predictive model checks for disease mapping models},
journal = {Statistics in Medicine},
volume = {19},
number = {17-18},
pages = {2377 - 2397},
year = {2000},
}

@article{Stockfelt2015,
title = "Long term effects of residential {NO}(x) exposure on total and cause-specific mortality and incidence of myocardial infarction in a {S}wedish cohort ",
journal = "Environmental Research ",
volume = "142",
number = "",
pages = "197 - 206",
year = "2015",
author = "Leo Stockfelt and Eva M. Andersson and Peter Molnár and Annika Rosengren and Lars Wilhelmsen and Gerd Sallsten and Lars Barregard",
}


@article{Stram2005,
title = "Designs for studies of personal exposure to air pollution and the impact of measurement error ",
journal = "J Toxicol Environ Health A ",
volume = "68",
pages = "1181 - 7",
year = "2005",
author = "Stram, DO",
}

@article{Tecer2008,
author = {Tecer, L.H. and Alagha, O and Karaca, F and Tuncel, G and Eldes, N},
title = {Particulate {M}atter ({PM}2.5, {PM}10-2.5, and {PM}10) and {C}hildren's {H}ospital {A}dmissions for {A}sthma and {R}espiratory {D}iseases: {A} {B}idirectional {C}ase-{C}rossover {S}tudy},
journal = {Journal of Toxicology and Environmental Health, Part A},
volume = {71},
number = {8},
pages = {512 - 520},
year = {2008},
}

@article{ThishanDharshana2008,
author = {  Thishan Dharshana, K. G.    and  Coowanitwong,  Nowarat  },
title = {Ambient {PM}10 and respiratory illnesses in {C}olombo {C}ity, {S}ri {L}anka},
journal = {Journal of Environmental Science and Health, Part A},
volume = {43},
number = {9},
pages = {1064 - 1070},
year = {2008},

}

@article {Thomas1993,
author = {Thomas, D and Stram, D and Dwyer, J},
title = {Exposure measurement error: influence on exposure-disease. {R}elationships and methods of correction},
journal = {Annu Rev Public Health},
volume = {14},
pages = {69 - 93},
year = {1993},
}

@article {Thormod1990,
author = {Thormod, H and Arne, D and Soren H.H., D and Johan, M},
title = {Ultraviolet-radiation and skin cancer. Effect of an ozone layer depletion},
journal = {Photochemistry and Photobiology},
volume = {51},
number = {5},
publisher = {Blackwell Publishing Ltd},
pages = {579 - 582},
year = {1990},
}

@article{To2013,
title = "The {A}ir {Q}uality {H}ealth {I}ndex and {A}sthma {M}orbidity: {A} {P}opulation-{B}ased {S}tudy",
journal = "Environmental Health Perspectives",
volume = "121",
pages = "46 - 52",
year = "2013",
author = "To,Teresa and Shen, Shixin and Atenafu, Eshetu G and Guan, Jun and McLimont, Susan and Stocks, Brian and Licskai, Christopher",
}


@article{Tolbert2007,
title = "Multipollutant modeling issues in a study of ambient air quality and emergency department visits in {A}tlanta",
journal = "Journal of Exposure Science and Environmental Epidemiology",
volume = "17",
pages = "29 - 35",
year = "2007",
author = "Tolberta,Paige E and Kleina,Mitchel and  Peelb,Jennifer L and  Sarnata,Stefanie E and  Sarnata,Jeremy A",
}


@article{Tunnicliffe1994,
title = "Effect of domestic concentrations of nitrogen dioxide on airway responses to inhaled allergen in asthmatic patients ",
journal = "The Lancet ",
volume = "344",
number = "8939 - 8940",
pages = "1733 - 1736",
year = "1994",
author = "Tunnicliffe, W.S. and Burge, P.S. and Ayres, J.G."
}


@article{USEPA2011,
author = "{US Environmental Protection Agency}",
title = "The {B}enefits and {C}osts of the {C}lean {A}ir {A}ct: 1990 to 2020",
journal = "Final Report of U.S. Environmental Protection Agency Office of Air and Radiation",
pages = "5 - 10",
year = "2011",
}

@article {VinikoorImler2013,
author = {Vinikoor-Imler, Lisa C. and Davis, J. Allen and Meyer, Robert E. and Luben, Thomas J.},
title = {Early prenatal exposure to air pollution and its associations with birth defects in a state-wide birth cohort from {N}orth {C}arolina},
journal = {Birth Defects Research Part A: Clinical and Molecular Teratology},
volume = {97},
number = {10},
pages = {696 - 701},
year = {2013},
}


@article{VinikoorImler2014,
title = "Associations between prenatal exposure to air pollution, small for gestational age, and term low birthweight in a state-wide birth cohort ",
journal = "Environmental Research ",
volume = "132",
number = "",
pages = "132 - 139",
year = "2014",
author = "Lisa C. Vinikoor-Imler and J. Allen Davis and Robert E. Meyer and Lynne C. Messer and Thomas J. Luben",
}
@article {Warren2012a,
author = {Warren, Joshua and Fuentes, Montserrat and Herring, Amy and Langlois, Peter},
title = {Bayesian spatial-temporal model for cardiac congenital anomalies and ambient air pollution risk assessment},
journal = {Environmetrics},
volume = {23},
number = {8},
pages = {673 - 684},
year = {2012},
}
@article {Warren2012b,
author = {Warren, Joshua and Fuentes, Montserrat and Herring, Amy and Langlois, Peter},
title = {Spatial-{T}emporal {M}odeling of the {A}ssociation between {A}ir {P}ollution {E}xposure and {P}reterm {B}irth: {I}dentifying {C}ritical {W}indows of {E}xposure},
journal = {Biometrics},
volume = {68},
number = {4},
pages = {1157 - 1167},
year = {2012},
}
@article {Warren2013,
author = {Warren, Joshua and Fuentes, Montserrat and Herring, Amy and Langlois, Peter},
title = {Air pollution metric analysis while determining susceptible periods of pregnancy for low birth weight},
journal = {ISRN Obstetrics and Gynecology},
volume = {2013},
pages = {1 - 9},
year = {2013},
}


@MISC{WHO2014,
   TITLE =       "{Ambient (outdoor) air quality and health:  {F}act {S}heet 313}",
   AUTHOR = "{World {H}ealth {O}rganisation}",
   YEAR   =       "{2014}",
   howpublished = {http://www.who.int/mediacentre/factsheets/fs313/en/},
}


@article{Wikle2005,
author = {Wikle, Christopher K and Berliner, L. Mark},
title = {Combining {I}nformation {A}cross {S}patial {S}cales},
journal = {Technometrics},
volume = {47},
number = {1},
pages = {80 - 91},
year = {2005},
}


@article{Willocks2012,
title = "Cardiovascular disease and air pollution in Scotland: no association or insufficient data and study design?",
journal = "{BMC} {P}ublic {H}ealth ",
volume = "12",
pages = "227",
year = "2012",
author = "Lorna Willocks and Abita Bhaskar and Colin Ramsay and Duncan Lee and David Brewster and Colin Fischbacher and James Chalmers and George Morris and Marian Scott",
}

@Article{Wiwanitkit2007,
author="Wiwanitkit, Viroj",
title="{PM}10 in the atmosphere and incidence of respiratory illness in {C}hiangmai during the smoggy pollution",
journal="Stochastic Environmental Research and Risk Assessment",
year="2007",
volume="22",
number="3",
pages="437 - 440",

}


@article{Wong2008,
title = "Public {H}ealth and {A}ir {P}ollution in {A}sia ({PAPA}): {A} {M}ulticity {S}tudy of {S}hort-{T}erm {E}ffects of {A}ir {P}ollution on {M}ortality",
journal = "Environmental Health Perspectives ",
volume = "1",
number = "1",
pages = "73 - 84",
year = "2008",
author = "Wong, Chit-Ming and Vichit-Vadakan, Nuntavarn and  Kan, Haidong and Qian, Zhegmin. "
}

@article{Young2009,
title = "Linking health and environmental data in geographical analysis: {I}t's so much more than centroids ",
journal = "Spatial and Spatio-temporal Epidemiology ",
volume = "116",
number = "9",
pages = "1195 - 202",
year = "2009",
author = "Young, Linda J. and Gotway, Carol A.  and Yang, Jie  and Kearney, Greg  and DuClos, Chris "
}


	














